<?xml version="1.0" encoding="UTF-8"?><collection xmlns="http://www.loc.gov/MARC21/slim"><record><leader>00375nam--2200133-i-4500</leader><controlfield tag="001">000047199</controlfield><controlfield tag="002">20161230</controlfield><controlfield tag="005">20161230201046</controlfield><controlfield tag="008">060222s1000------------r-----000-0-eng-d</controlfield><datafield ind1=" " ind2=" " tag="080"><subfield code="a">548(043)</subfield></datafield><datafield ind1=" " ind2=" " tag="100"><subfield code="a">Weislinger, Edmond</subfield></datafield><datafield ind1=" " ind2=" " tag="245"><subfield code="a">Contribution a l`etude de la structure electronique dans les cristaux cas de li+. these</subfield></datafield><datafield ind1=" " ind2=" " tag="260"><subfield code="a">Nancy, Univ., 1963, 75p</subfield></datafield><datafield ind1=" " ind2=" " tag="852"><subfield code="a">78222</subfield></datafield></record></collection>